<record xmlns="http://www.loc.gov/MARC21/slim" xmlns:xsi="http://www.w3.org/2001/XMLSchema-instance" xsi:schemaLocation="http://www.loc.gov/MARC21/slim http://www.loc.gov/standards/marcxml/schema/MARC21slim.xsd">

  <leader>00668nam a2200181Ia 4500</leader>
  <datafield ind2=" " ind1=" " tag="999">
    <subfield code="c">1114</subfield>
    <subfield code="d">1114</subfield>
  </datafield>
  <controlfield tag="008">180605b1987    cr ||||| |||| 00| | spa d</controlfield>
  <datafield ind2=" " tag="020" ind1=" ">
    <subfield code="a">997764302-4</subfield>
  </datafield>
  <datafield tag="090" ind1=" " ind2=" ">
    <subfield code="a">06.01.01 </subfield>
    <subfield code="b">1970</subfield>
  </datafield>
  <datafield ind1=" " tag="100" ind2=" ">
    <subfield code="a">Hernández Portuguez, Rita M.</subfield>
    <subfield code="9">3716</subfield>
  </datafield>
  <datafield ind1="1" tag="245" ind2="0">
    <subfield code="a">Manual operativo para la evaluación y estimulación del crecimiento y desarrollo del niño / </subfield>
    <subfield code="c">Rita M. Hernández Portuguez, Socorro Rodríguez Aragonés</subfield>
  </datafield>
  <datafield ind1=" " tag="250" ind2=" ">
    <subfield code="a">Reimpresión 2009</subfield>
  </datafield>
  <datafield ind2=" " tag="260" ind1=" ">
    <subfield code="a">San José, C.R. : </subfield>
    <subfield code="b">EUNED, </subfield>
    <subfield code="c">1987</subfield>
  </datafield>
  <datafield tag="300" ind1=" " ind2=" ">
    <subfield code="a">160 páginas</subfield>
  </datafield>
  <datafield ind2="4" tag="650" ind1="1">
    <subfield code="a">PSICOLOGÍA DE LA EDUCACIÓN</subfield>
    <subfield code="9">625</subfield>
  </datafield>
  <datafield tag="650" ind1="1" ind2="4">
    <subfield code="a">DESARROLLO DEL NIÑO</subfield>
    <subfield code="9">723</subfield>
  </datafield>
  <datafield tag="700" ind1="1" ind2=" ">
    <subfield code="a">Rodríguez Aragonés, Socorro</subfield>
    <subfield code="9">3157</subfield>
  </datafield>
  <datafield ind2=" " ind1=" " tag="942">
    <subfield code="2">z</subfield>
    <subfield code="c">01</subfield>
  </datafield>
</record>